@online{brasolin2014stackexchange,
  author = {Paolo Brasolin},
  title = {tex.stackexchange.com Answer to "ikZ Chromaticity Diagram"},
  year = 2014,
  url = {https://tex.stackexchange.com/questions/177079/tikz-chromaticity-diagram},
  urldate = {2010-09-30}
}
@book{univie2020chromaticity,
  title={Computer Graphics},
  author={Kriegl, Andreas},
  year={2003},
  publisher={University of Vienna},
  url = {https://www.mat.univie.ac.at/~kriegl/Skripten/CG/},
}
@article{sun2007bright,
  title={Bright, multicoloured light-emitting diodes based on quantum dots},
  author={Sun, Qingjiang and Wang, Y Andrew and Li, Lin Song and Wang, Daoyuan and Zhu, Ting and Xu, Jian and Yang, Chunhe and Li, Yongfang},
  journal={Nature photonics},
  volume={1},
  number={12},
  pages={717},
  year={2007},
  publisher={Nature Publishing Group},
  doi={10.1038/nphoton.2007.226},
}
@misc{shimizu1999light,
  title={Light emitting device having a nitride compound semiconductor and a phosphor containing a garnet fluorescent material},
  author={Shimizu, Yoshinori and Sakano, Kensho and Noguchi, Yasunobu and Moriguchi, Toshio},
  year={1999},
  month=dec # "~7",
  publisher={Google Patents},
  note={US Patent 5,998,925}
}
@online{doi2012led,
title = {LED Color Characteristics},
url = {https://web.archive.org/web/20180730124118/https://www1.eere.energy.gov/buildings/publications/pdfs/ssl/led-color-characteristics-factsheet.pdf},
organization = {U.S. Department of Energy},
note = {PNNL-SA-84900},
date = {2012},
urldate = {2020-02-01},
}
@article{mckittrick2014down,
  title={down conversion materials for solid-state lighting},
  author={McKittrick, Joanna and Shea-Rohwer, Lauren E},
  journal={Journal of the American Ceramic Society},
  volume={97},
  number={5},
  pages={1327--1352},
  year={2014},
  publisher={Wiley Online Library},
  doi={10.1111/jace.12943},
}
